@book{network-flows,
  title     = {Network flows: theory, algorithms, and applications},
  author    = {Ravindra K. Ahuja and Thomas L. Magnanti and James B. Orlin},
  publisher = {Prentice Hall},
  year      = {1993},
  isbn      = {0-13-617549-X},
  url       = {https://tu-berlin.hosted.exlibrisgroup.com/primo-explore/fulldisplay?docid=TUB_ALMA_DS21506259970002884&context=L&vid=TUB&lang=de_DE&search_scope=TUB_ALL&adaptor=Local%20Search%20Engine&tab=tub_all&query=any,contains,network%20flows%20ahuja&offset=0}
}
@book{integer-programming,
  title     = {Integer Programming},
  author    = {Michele Conforti and Gérard Cornuéjols and Giacomo Zambelli},
  publisher = {Springer},
  year      = {2014},
  isbn      = {978-3-319-11007-3},
  url       = {https://tu-berlin.hosted.exlibrisgroup.com/primo-explore/fulldisplay?docid=TUB_ALMA_DS21497215160002884&context=L&vid=TUB&lang=de_DE&search_scope=TUB_ALL&adaptor=Local%20Search%20Engine&tab=tub_all&query=any,contains,conforti%20zambelli&offset=0}
}

@book{comb-optimization-cook,
  title     = {Combinatorial Optimization},
  author    = {William J. Cook and William H. Cunningham and William R. Pulleyblank and Alexander Schrijver},
  publisher = {Wiley},
  year      = {1997},
  isbn      = {978-0-471-55894-1},
  url       = {https://onlinelibrary.wiley.com/doi/book/10.1002/9781118033142}
}

@book{int-comb-optimization,
  title     = {Integer and Combinatorial Optimization},
  author    = {George Nemhauser and Laurence Wolsey},
  publisher = {Wiley},
  year      = {1999},
  isbn      = {978-0-471-82819-8},
  url       = {https://onlinelibrary.wiley.com/doi/book/10.1002/9781118627372}
}

@book{comb-optimization-korte,
  title     = {Kombinatorische Optimierung},
  author    = {Bernhard Korte and Jens Vygen},
  publisher = {Springer},
  edition   = {3},
  year      = {2018},
  isbn      = {978-3-662-57690-8},
  url       = {https://link.springer.com/book/10.1007/978-3-662-57691-5}
}

