@image{img:suspension,
  title  = {Suspension},
  author = {Melchoir},
  url    = {https://commons.wikimediia.org/w/index.php?curid=698781
            },
  note   = {Own work (transferred from en.wikipedia), inspired by \cite{algebraic-topology-hatcher}, CC BY-SA 3.0}
}

@image{img:klein-bottle-folding,
  title  = {Klein Bottle Folding},
  author = {Inductiveload},
  url    = {https://commons.wikimedia.org/wiki/File:Klein_Bottle_Folding_1.svg},
  note   = {Public Domain}
}